@incollection{Kiczales97_AOP,
year={1997},
isbn={978-3-540-63089-0},
booktitle={ECOOP'97 — Object-Oriented Programming},
volume={1241},
series={Lecture Notes in Computer Science},
editor={Akşit, Mehmet and Matsuoka, Satoshi},
doi={10.1007/BFb0053381},
title={Aspect-oriented programming},
url={http://dx.doi.org/10.1007/BFb0053381},
publisher={Springer Berlin Heidelberg},
author={Kiczales, Gregor and Lamping, John and Mendhekar, Anurag and Maeda, Chris and Lopes, Cristina and Loingtier, Jean-Marc and Irwin, John},
pages={220-242}
}
 
@inproceedings{Cannon10_Persistence,
 author = {Cannon, Brett and Wohlstadter, Eric},
 title = {Automated Object Persistence for JavaScript},
 booktitle = {Proceedings of the 19th International Conference on World Wide Web},
 series = {WWW '10},
 year = {2010},
 isbn = {978-1-60558-799-8},
 location = {Raleigh, North Carolina, USA},
 pages = {191--200},
 numpages = {10},
 url = {http://doi.acm.org/10.1145/1772690.1772711},
 doi = {10.1145/1772690.1772711},
 acmid = {1772711},
 publisher = {ACM},
 address = {New York, NY, USA},
 keywords = {JavaScript, html5, json, object persistence, web storage},
} 

@article{Fowler05_ES,
  title={Event sourcing},
  author={Fowler, Martin},
  journal={Online, Dec},
  year={2005}
}

@book{Betts13_CQRS,
 author = {Betts, Dominic and Dominguez, Julian and Melnik, Grigori and Simonazzi, Fernando and Subramanian, Mani},
 title = {Exploring CQRS and Event Sourcing: A Journey into High Scalability, Availability, and Maintainability with Windows Azure},
 year = {2013},
 isbn = {1621140164, 9781621140160},
 edition = {1st},
 publisher = {Microsoft patterns \&\#38; practices},
} 

@inproceedings{Yang2000_OfflineMode,
	author = "Yang, Yun",
	booktitle = "{Web Information Systems Engineering, 2000. Proceedings of the First International Conference on}",
	localfile = "/home/jrf/Dropbox/phd/Bib/Yang2000_OfflineMode.pdf",
	organization = "IEEE",
	pages = "486–490",
	title = "{Supporting online Web-based teamwork in offline mobile mode too}",
	volume = "1",
	year = "2000"
}

@incollection{Zhang10_ElasticMobile,
	author = "Zhang, Xinwen and Jeong, Sangoh and Kunjithapatham, Anugeetha and Gibbs, Simon",
	booktitle = "{Mobile wireless middleware, operating systems, and applications}",
	localfile = "/home/jrf/Dropbox/phd/Bib/Zhang10_ElasticMobile.pdf",
	pages = "161–174",
	publisher = "Springer",
	title = "{Towards an elastic application model for augmenting computing capabilities of mobile platforms}",
	year = "2010"
}

@article{Marco11_InterruptionResilience,
	author = "Marco, Félix Albertos and Gallud, José and Penichet, Victor and Winckler, Marco",
	localfile = "/home/jrf/Dropbox/phd/Bib/Marco11_InterruptionResilience.pdf",
	title = "{A Model-Based Approach for Supporting Offline Interaction with Web Sites Resilient to Interruptions}",
	year = "2011"
}

@inproceedings{Benson10_SyncKit,
	acmid = "1772704",
	address = "New York, NY, USA",
	author = "Benson, Edward and Marcus, Adam and Karger, David and Madden, Samuel",
	booktitle = "{Proceedings of the 19th international conference on World wide web}",
	doi = "10.1145/1772690.1772704",
	isbn = "978-1-60558-799-8",
	keywords = "cache; client-side; data base; database; performance; web",
	location = "Raleigh, North Carolina, USA",
	numpages = "10",
	pages = "121–130",
	publisher = "ACM",
	series = "{WWW '10}",
	title = "{Sync kit: a persistent client-side database caching toolkit for data intensive websites}",
	url = "http://doi.acm.org/10.1145/1772690.1772704",
	year = "2010"
}

@article{Kao12_WOPRE,
	author = "Kao, Yung-Wei and Lin, ChiaFeng and Yang, Kuei-An and Yuan, Shyan-Ming",
	doi = "10.1016/j.csi.2011.08.006",
	issn = "0920-5489",
	journal = "Computer Standards \& Interfaces",
	keywords = "Mobile device; Offline mobile Web application; Mobile content adaptation",
	number = "1",
	pages = "212–224",
	title = "{A Web-based, Offline-able, and Personalized Runtime Environment for executing applications on mobile devices}",
	url = "http://www.sciencedirect.com/science/article/pii/S0920548911000869",
	volume = "34",
	year = "2012"
}


